<record><leader>00000cas a22000007a 4500</leader><controlfield tag="001">11389638</controlfield><controlfield tag="008">841115d18711876ksuwr ne      0    0eng d</controlfield><datafield ind1=" " ind2=" " tag="010"><subfield code="a">sn 84027654 </subfield></datafield><datafield ind1=" " ind2=" " tag="040"><subfield code="a">NPU</subfield><subfield code="b">eng</subfield><subfield code="c">NPU</subfield><subfield code="d">NPT</subfield><subfield code="d">NPX</subfield><subfield code="d">OCLCQ</subfield></datafield><datafield ind1=" " ind2=" " tag="042"><subfield code="a">msc</subfield></datafield><datafield ind1="0" ind2=" " tag="130"><subfield code="a">Shaft (Osage City, Kan.)</subfield></datafield><datafield ind1="1" ind2="4" tag="245"><subfield code="a">The shaft.</subfield></datafield><datafield ind1=" " ind2=" " tag="260"><subfield code="a">Osage City, Kan. :</subfield><subfield code="b">W.H. Morgan</subfield></datafield><datafield ind1=" " ind2=" " tag="300"><subfield code="a">v. ;</subfield><subfield code="c">59 cm.</subfield></datafield><datafield ind1=" " ind2=" " tag="310"><subfield code="a">Weekly</subfield></datafield><datafield ind1="1" ind2=" " tag="362"><subfield code="a">Began in 1871; ceased with Jan. 1, 1876 issue?</subfield><subfield code="z">Cf. Gregory, W. Amer. newspapers.</subfield></datafield><datafield ind1=" " ind2=" " tag="500"><subfield code="a">"Republican."</subfield></datafield><datafield ind1=" " ind2=" " tag="588"><subfield code="a">Description based on: Vol. 1, no. 32 (Mar. 23, 1872).</subfield></datafield><datafield ind1=" " ind2=" " tag="752"><subfield code="a">United States</subfield><subfield code="b">Kansas</subfield><subfield code="c">Osage</subfield><subfield code="d">Osage City.</subfield></datafield><datafield ind1="0" ind2="4" tag="785"><subfield code="t">Osage City free press (Osage City, Kan. : 1875)</subfield><subfield code="w">(DLC)sn 85029381</subfield></datafield></record>